
@book{Zipf,
  author = "G. K. Zipf",
  title = "Human Behavior and the Principle of Least-Effort",
  publisher = "Addison-Wesley",
  year  = "1949",
  address = "Cambridge, MA",
}

@misc{software-carpentry,
    author =       {Greg Wilson},
    title =        {Software Carpentry web site},
    howpublished = {http://software-carpentry.org},
    accessed =     {December 2010},
}

@Book{London,
  author =       "Jack London",
  title =        "The People of the Abyss",
  publisher =    "PROJECT-GUTENBERG",
  USMARC-245-c = "Jack London",
  URL ="http://www.gutenberg.org/ebooks/1688",
}

@Book{Johnson,
  author =   "Samuel Johnson",
  title =    "A Journey to the Western Islands of Scotland by Samuel Johnson",
  publisher ="PROJECT-GUTENBERG",
  URL =      "http://www.gutenberg.org/cache/epub/2064/pg2064.txt",
}

@Book{Muir,
  author =       "John Muir",
  title =        "My First Summer in the Sierra by John Muir",
  publisher =    "PROJECT-GUTENBERG",
  URL =          "http://www.gutenberg.org/cache/epub/32540/pg32540.txt",
}

@Book{Scott,
  author =       "Robert Falcon Scott",
  title =        "Scott's Last Expedition Volume I",
  publisher =    "PROJECT-GUTENBERG",
  URL =          "http://www.gutenberg.org/ebooks/11579",
}

%%%---------------
%%% Local Variables:
%%% eval: (bibtex-mode)
%%% eval: (setq ispell-personal-dictionary "./localdict")
%%% End: